2864 4686
161 222 202 279 ‘to

160 389 264 463 inquit,
300 386 351 463 fili,
380 405 577 463 quaecunque
604 388 670 445 iura
691 387 800 446 liberos
824 388 948 462 iungent
970 386 1153 463 parentibus,
1174 405 1283 464 precor

162 507 343 567 quaesoque,
366 507 404 548 ne
427 509 496 559 ...;
527 488 597 548 ibid.
620 490 637 560 ξ
661 495 693 550 3:
724 508 839 566 paucae
862 490 953 549 horae
976 493 1078 566 erant,
1108 490 1185 548 intra
1207 507 1284 565 quas

161 593 295 652 iurantes
324 612 353 668 p.
381 592 529 669 quidquid
560 591 682 652 deorum
714 596 772 663 est,
809 591 932 652 dextrae
964 592 1086 652 dextras
1115 593 1285 669 iungentes,

162 694 250 754 fidem
274 694 502 764 obstrinximus;
540 695 637 754 XXIV
663 699 711 772 26,
735 701 767 756 3:
799 695 836 753 ad
858 715 892 753 ea
916 694 1031 755 addidit
1053 713 1173 771 preces,
1204 713 1284 753 nunc

162 817 216 875 per
239 799 409 856 memoriam
433 796 573 856 Hieronis
596 798 689 872 patris
706 797 888 874 Gelonisque
905 796 1013 874 fratris,
1034 816 1072 857 ne
1088 816 1119 857 se
1135 797 1284 856 innoxiam

161 898 274 958 invidia
297 900 471 974 Hieronymi
495 899 679 974 conflagrare
703 897 895 970 sinerent⁵⁷);
932 900 1031 958 XXVI
1053 903 1102 970 48,
1127 904 1178 959 12:
1205 902 1285 958 stare

163 1002 233 1060 hinc
255 1002 435 1089 legionarios
458 1002 564 1061 milites
662 1020 716 1078 per
750 1003 845 1061 omnis
868 1003 941 1061 deos
963 1006 1085 1078 paratos
1107 1003 1205 1062 iurare
1222 1048 1228 1060 .
1243 1045 1251 1061 .
1266 1020 1286 1077 .;

163 1103 292 1164 XXVIII
308 1107 355 1174 22,
373 1107 407 1163 9:
429 1104 496 1162 illos
513 1121 545 1178 se
569 1123 597 1180 p.
621 1103 692 1162 deos
716 1122 839 1179 superos
862 1103 1033 1178 inferosque
1056 1122 1151 1174 orare,
1175 1110 1207 1162 ut
1222 1148 1229 1162 .
1245 1148 1251 1162 .
1267 1132 1288 1190 ‚3

164 1207 262 1268 XXIX
286 1210 334 1282 18,
358 1209 392 1266 9:
425 1225 480 1282 per
510 1224 564 1264 vos
595 1206 743 1282 fidemque
774 1212 903 1265 vestram
933 1209 984 1274 (sc.
1008 1203 1073 1278 oro)
1101 1223 1167 1282 ...;
1204 1207 1286 1264 XXX

166 1314 214 1381 12,
238 1314 291 1370 13:
321 1326 430 1384 precor
453 1326 627 1384 quaesoque
650 1328 677 1384 p.
701 1310 883 1368 maiestatem
907 1309 1018 1383 regiam
1115 1327 1169 1384 per
1191 1309 1288 1382 gentis

164 1410 360 1472 Numidarum
389 1429 497 1469 nomen
520 1455 586 1480 ...,
624 1430 678 1486 per
709 1411 832 1469 huiusce
866 1411 967 1485 regiae
999 1410 1084 1486 deos,
1210 1411 1287 1468 hanc

165 1515 282 1574 veniam
307 1514 433 1590 supplici
463 1513 531 1582 des;
568 1513 621 1572 XL
645 1518 672 1584 9,
699 1519 731 1573 7τ
764 1532 819 1590 per
841 1518 870 1572 te
893 1514 1083 1590 patriumque
1106 1531 1211 1571 nomen

165 1620 207 1678 ita
230 1637 276 1676 me
298 1615 411 1693 audias,
434 1635 548 1692 precor.

689 1835 707 1905 ἓ
731 1840 758 1895 2.

379 1948 502 2032 „Per“
523 1948 669 2014 notione
692 1947 825 2014 modali
849 1949 1007 2030 positum
1022 1947 1073 2032 ⁵⁸).

254 2089 400 2149 llodalem
424 2090 653 2165 praepositionis
681 2088 771 2167 ,pcr“
798 2090 1043 2165 significationem
1072 2111 1109 2149 cx
1132 2092 1216 2149 locali
1239 2091 1288 2150 de-

166 2193 320 2253 rivandam
344 2211 417 2269 csse,
440 2193 489 2250 vel
512 2210 548 2250 ex
571 2192 615 2268 iis,
638 2210 716 2268 qnae
739 2193 768 2248 in
793 2192 965 2250 universum
989 2192 1026 2251 de
1042 2194 1188 2252 translato
1205 2213 1288 2270 prae-

166 2295 320 2373 posIticnis
350 2313 438 2354 sensu
470 2296 499 2353 in
529 2294 653 2353 exordio
681 2294 769 2353 huius
792 2294 899 2370 capitis
922 2293 1079 2369 adnotavi,
1110 2300 1237 2371 apparet
1259 2300 1290 2356 et

165 2398 255 2458 laudo
272 2397 467 2466 Hensellium,
490 2398 570 2472 quod
583 2398 728 2473 Draegeri
745 2397 938 2456 sententiam:
961 2399 1182 2474 praepositione
1199 2416 1289 2457 sensu

167 2501 215 2560 illo
247 2501 343 2577 posita
374 2499 534 2574 significari
567 2500 708 2574 temporis
739 2501 866 2577 spatium
907 2500 1033 2558 alicuius
1070 2504 1181 2576 status,
1210 2501 1290 2559 intra

167 2622 254 2680 quem
279 2601 350 2678 quid
374 2600 498 2678 accidat,
521 2621 578 2659 non
604 2601 790 2676 probandam
807 2600 958 2660 iudicavit.
992 2602 1037 2660 Ac
1053 2606 1134 2660 roctc
1150 2601 1291 2661 admonet

167 2704 338 2764 Ilensellms
361 2702 505 2762 medalem
530 2704 587 2761 vim
612 2704 640 2760 in
665 2703 888 2778 praepositione
910 2724 968 2761 non
991 2723 1046 2781 per
1062 2722 1093 2763 so
1108 2705 1213 2774 inesse,
1237 2704 1289 2762 sed

167 2807 311 2866 rationem
344 2804 509 2864 habendam
538 2822 603 2864 esse
632 2804 864 2880 composItionis.
916 2807 1047 2864 Denotat
1077 2811 1175 2865 autem
1205 2824 1289 2881 prac-

167 2911 274 2986 positio
306 2910 354 2966 lric
385 2925 506 2983 quoque
537 2908 632 2981 viam,
665 2926 753 2982 quam
783 2907 861 2968 actio
890 2908 1053 2985 percurrit,
1086 2913 1119 2968 ut
1141 2907 1179 2966 ad
1201 2908 1290 2966 finem

169 3012 333 3089 perveniat.
377 3011 481 3085 Itaque
504 3010 704 3067 enuntiatum:
736 3030 806 3087 „per
836 3012 938 3068 literas
962 3012 1095 3068 senatum
1120 3007 1288 3069 consuluit“

169 3132 224 3190 per
254 3131 286 3171 se
314 3115 359 3170 est
386 3110 661 3188 interpretandum:
699 3112 811 3187 „durch
840 3112 896 3170 den
932 3112 1016 3170 Briet'
1044 3112 1093 3170 hin
1126 3111 1290 3172 erstreekte

169 3214 231 3274 sich
255 3214 302 3273 die
324 3216 422 3289 Frage
445 3232 482 3273 an
506 3213 563 3272 den
580 3209 697 3290 Senat“,
718 3216 780 3272 tum
804 3218 902 3273 autem
926 3232 999 3288 „per
1013 3212 1131 3273 literas“
1153 3215 1292 3291 exprimit

255 3432 289 3494 ⁵⁷)
305 3428 387 3481 Hunc
405 3428 496 3481 locum
515 3432 674 3495 corruptum
695 3443 757 3481 esse
776 3427 822 3480 vel
842 3427 907 3481 iude
923 3433 1047 3496 apparet,
1066 3427 1141 3496 quod
1153 3425 1291 3481 vocabulo

171 3521 276 3576 ,nunc“
296 3513 410 3566 alterum
432 3520 536 3575 ,nune“
555 3529 610 3565 uon
628 3513 787 3580 respondet.
824 3511 882 3565 Alii
900 3511 980 3566 aliter
997 3517 1026 3566 ct
1042 3512 1181 3565 interdum
1190 3513 1290 3578 nimis,

169 3603 202 3649 ut
228 3598 294 3649 mihi
321 3598 432 3664 quidem
460 3597 583 3663 videtur,
617 3597 757 3650 subtiliter
790 3602 828 3662 (v.
852 3596 1009 3650 Weissenb.
1034 3597 1069 3649 ad
1094 3597 1118 3649 h.
1141 3597 1172 3663 l.)
1199 3597 1291 3651 locum

171 3680 317 3736 emendare
344 3687 392 3734 aut
418 3681 556 3747 explicare
589 3682 764 3734 studuerunt.
808 3680 874 3733 llihi
904 3680 1016 3748 quidem
1043 3681 1160 3734 maxime
1189 3681 1292 3735 arridet

171 3764 311 3820 sententia
329 3764 462 3832 Madvigii
481 3764 522 3832 (in
541 3765 583 3819 ed.
596 3766 641 3820 vol
659 3765 685 3818 ll
702 3768 760 3831 (1)²
781 3769 844 3818 1872
863 3763 950 3834 praef.
967 3764 1075 3829 XXVI)
1110 3765 1220 3819 Livium
1238 3765 1292 3820 lor-

170 3857 245 3904 tassc
264 3849 423 3919 scripsisse:
452 3866 540 3912 „nunc
558 3866 609 3917 per
627 3850 693 3903 deos
712 3866 787 3904 nunc
806 3865 856 3917 per
874 3850 1056 3916 memoriam‘g
1074 3849 1181 3903 librarii
1199 3855 1290 3905 autem

170 3937 281 3989 oculum
304 3935 429 4004 aprione
454 3944 558 3994 ,nunc“
578 3935 613 3988 ad
632 3936 747 3988 alterum
767 3936 919 3989 aberrasse.
955 3935 1129 4004 Praepositio
1147 3941 1237 3989 autem
1257 3951 1291 3989 ex

171 4021 265 4075 verbis
283 4021 401 4088 pendet:
425 4020 551 4081 ,addidit
568 4029 691 4088 precem,
714 4036 785 4088 quae
803 4020 877 4073 idem
895 4019 952 4073 fere
971 4021 1075 4087 valent,
1094 4035 1137 4074 ac:
1166 4027 1292 4088 „precata

170 4106 286 4171 insuper
304 4112 371 4158 est.'“
390 4137 423 4143 -

256 4192 290 4258 ⁶⁸)
307 4189 342 4243 ct'.
362 4189 550 4243 lland.'l*u1·s.
569 4189 606 4242 IV
627 4207 653 4258 p.
673 4195 721 4242 443
741 4204 782 4256 sq.
