2864 4686
1233 230 1273 288 59

516 397 544 471 4)
577 397 918 475 personalibus:

239 519 322 578 XXX
345 522 395 595 30,
425 522 480 579 30:
517 538 555 579 44
583 537 671 596 quem
704 519 787 595 pacis
805 533 855 586 ·p.
888 531 944 572 me
976 519 1081 594 partae
1112 518 1276 595 paeniIeat3

154 621 279 681 XXXIV
302 626 352 700 31,
376 626 409 682 1:
437 621 461 681 si
483 622 548 698 ipse
570 639 598 697 p.
621 639 667 680 me
689 662 719 679 ..
743 637 862 679 causam
959 618 1130 694 excogitare
1153 661 1181 676 ..
1205 637 1274 696 poe-

154 718 244 798 eem);
266 723 361 783 XLIV
384 727 435 801 22,
457 727 492 784 3:
515 721 638 800 dignum
661 722 815 781 maiestate
836 721 941 798 popuii
963 722 1088 781 Romani
1111 722 1222 781 exitum
1245 740 1275 798 p.

154 843 200 885 me
222 825 333 901 imponi
356 842 460 902 posse;
498 824 581 885 XXX
603 829 652 901 31,
675 829 709 886 3:
743 827 857 900 quanto
885 839 919 891 p.
942 827 977 879 te
1005 842 1097 884 onere
1119 825 1274 894 leventur;

121 997 123 1000 ¹
153 928 295 988 XXXVII
318 931 366 1003 19,
386 933 421 989 3:
443 946 518 1004 pace
540 947 569 1004 p.
590 930 620 991 te
644 927 731 986 facta.
753 958 795 966 -
818 926 859 986 VI
874 929 924 1004 40,
939 930 974 986 4:
996 931 1030 986 ut
1050 942 1084 994 p.
1099 940 1164 982 nos
1186 929 1275 986 44444

154 1031 253 1107 potius
284 1049 374 1107 quam
396 1031 552 1091 imminuta
573 1032 712 1090 maiestas
736 1073 764 1089 ..
787 1031 919 1107 gentium
944 1074 973 1089 ..
995 1030 1053 1089 diei
1075 1048 1149 1089 vere
1165 1031 1274 1106 posset.

27 1152 50 1180 .·
155 1132 224 1191 VIII
253 1136 282 1210 4,
311 1136 348 1193 8:
381 1134 433 1210 qui
471 1151 509 1192 ne
546 1136 714 1192 nostrorum
752 1131 871 1208 quidem
904 1132 1006 1192 finium
1040 1133 1125 1193 nobis
1159 1151 1187 1209 p.
1220 1149 1274 1192 nos

154 1235 332 1294 tuendorum
353 1234 400 1295 ius
422 1238 511 1294 antea
539 1234 665 1310 dabant3
702 1235 802 1294 XXIII
825 1238 875 1312 42,
898 1239 933 1296 2;
963 1235 1063 1296 hostes
1092 1235 1197 1312 populi
1218 1236 1274 1294 Ro-

154 1337 232 1396 mani
329 1337 439 1398 fuimus
460 1338 587 1415 primum
610 1356 639 1414 p.
662 1355 717 1397 nos
739 1337 797 1413 ipsi
820 1336 883 1409 (ubi
906 1337 944 1396 cf.
965 1337 1083 1410 Fabri);
1120 1337 1202 1396 XLV
1225 1339 1275 1413 29,

155 1444 188 1501 2τ
211 1439 263 1500 ubi
285 1457 436 1516 pugnasse
461 1443 512 1500 aut
535 1441 590 1501 sub
612 1440 692 1499 illius
715 1438 841 1500 ducibus
864 1443 916 1500 aut
938 1459 965 1516 p.
988 1458 1043 1500 nos
1065 1440 1167 1518 ipsos?
1189 1471 1231 1479 -

238 1627 343 1687 Restat
372 1626 439 1704 hic,
475 1630 509 1687 44
541 1626 579 1686 44
617 1626 748 1688 dictione
784 1641 864 1700 ,pen
896 1625 951 1682 se“
965 1624 1003 1696 ⁴⁹)
1041 1627 1121 1704 apud
1154 1627 1273 1686 Livium

153 1729 346 1790 usitatissima
375 1731 467 1790 verba
493 1728 657 1798 44444450).
711 1731 757 1790 Ac
785 1731 911 1808 primum
943 1730 1064 1808 quidem
1095 1728 1273 1822 significatio

153 1834 259 1893 horum
282 1834 452 1911 verborum,
474 1852 551 1911 quae
574 1833 655 1911 apud
679 1834 852 1895 Ciceronem
875 1852 935 1894 non
957 1835 999 1893 ita
1013 1851 1103 1910 saepe
1118 1832 1273 1892 inveniun-

152 1943 216 2015 tur,
247 1936 360 2013 duplex
383 1940 444 2014 est,
473 1955 562 2013 quam
585 1941 667 1997 recte
689 1935 826 1996 Handiue
849 1938 890 2007 (in
913 1939 1001 1997 Tura
1023 1937 1075 1996 lv.
1096 1955 1125 2013 p.
1147 1939 1219 2013 441,
1242 1938 1272 2004 6)

153 2039 323 2116 explicavit.
366 2040 498 2099 Primum
526 2040 603 2099 4444
636 2058 682 2117 ,p.
704 2039 756 2099 44“
784 2041 861 2099 44444
886 2059 959 2118 „per
982 2038 1059 2117 me“,
1091 2059 1137 2116 ,p.
1160 2038 1203 2098 te“
1226 2042 1273 2098 444

56 2143 59 2148 ’
153 2159 244 2218 saepe
267 2140 394 2201 444444
418 2141 508 2201 habet
529 2159 659 2218 sensum,
681 2160 770 2217 quem
796 2140 907 2219 ,ipse“,
934 2141 965 2201 id
988 2144 1033 2201 est
1054 2159 1127 2213 „sua
1149 2135 1273 2218 sponte“

152 2244 200 2303 vel
221 2242 337 2321 „solus“
359 2243 407 2303 vel
429 2243 511 2321 „sine
534 2243 709 2320 cuiusquam
728 2235 867 2321 auxilio“,
887 2245 928 2304 444
944 2247 1010 2304 uta
1029 2244 1114 2304 nobie
1128 2243 1273 2304 reddatur

152 2347 306 2406 versione:
328 2346 402 2424 ,444
421 2346 508 2423 signe
522 2345 622 2421 Hand,
645 2359 677 2406 'er
699 2345 792 2406 selbot
813 2364 850 2405 an
867 2346 939 2425 4444,
962 2346 1057 2406 durch
1074 2347 1161 2424 signe
1175 2347 1273 2424 Kraft,

77 2509 80 2515 ,
153 2449 231 2508 ohne
252 2448 366 2510 fremde
388 2448 478 2527 Hilfe,
500 2449 530 2508 in
553 2449 657 2526 signer
679 2450 803 2520 Person,
826 2443 1042 2527 selbstiindig“,
1072 2469 1160 2528 quam
1182 2469 1272 2510 vocu-

152 2550 247 2609 larum
270 2570 315 2627 ‚,p·
338 2544 387 2611 ae“
408 2550 469 2610 vim
493 2556 522 2611 et
544 2552 695 2612 notionem
717 2551 886 2612 luculenter
907 2551 1062 2629 intelleges
1085 2572 1123 2614 ex
1145 2555 1223 2631 Ι49,
1240 2560 1274 2633 4,

152 2653 180 2712 11
203 2655 253 2730 53,
275 2657 304 2730 4,
332 2653 431 2713 XXIV
453 2657 504 2732 49,
527 2657 554 2726 6,
581 2655 632 2714 ubi
659 2653 734 2714 illud
765 2673 811 2732 „p.
833 2646 882 2715 se“
904 2653 1053 2735 vocabulo
1077 2649 1175 2727 „sine“
1197 2657 1274 2717 eius-

153 2774 210 2833 que
241 2773 312 2816 casu
342 2756 509 2817 distinctius
539 2757 716 2834 explicatur.
765 2756 812 2816 Au
843 2755 1011 2833 augendam
1041 2762 1140 2818 autem
1162 2754 1273 2819 ‘contir-

152 2858 351 2936 mandamque
373 2859 451 2918 illam
474 2859 721 2936 significationem
745 2861 849 2920 Livius
872 2859 990 2920 duobus
1012 2863 1136 2938 tantum,
1166 2862 1196 2920 ni
1219 2861 1273 2921 fal·

154 2963 213 3039 lor,
239 2961 310 3022 locis
338 2960 364 3035 (I
386 2965 437 3040 49,
459 2966 479 3022 4
501 2966 532 3021 44
553 2963 581 3022 X
605 2966 631 3034 1,
654 2961 686 3035 8)
717 2963 894 3023 vocabulum
917 2961 1047 3040 „solur‘
1070 2962 1108 3022 ad
1131 2982 1201 3039 „per
1224 2957 1273 3025 se“

152 3064 258 3142 adicit,
288 3063 460 3140 saepissime
483 3068 582 3124 autem
615 3065 829 3126 nominativum
857 3066 1042 3142 pronominis
1064 3058 1182 3142 „ipse“,
1205 3085 1271 3126 cum

153 3183 208 3225 nos
241 3167 341 3243 potius
374 3171 567 3244 expectemus
599 3185 700 3228 44444
735 3168 897 3245 obitquum.
948 3170 988 3228 Et
1019 3171 1089 3228 sunt
1121 3169 1184 3241 alii,
1221 3169 1273 3247 qui

153 3271 263 3328 certam
287 3269 351 3328 eius
374 3286 447 3328 4444
469 3269 602 3345 regulam
619 3269 701 3347 apud
716 3269 833 3330 Livium
850 3270 1036 3331 4444444444
1053 3288 1119 3331 4444
1133 3272 1274 3351 44444444,

152 3371 284 3448 alii,an
307 3371 403 3448 legem
426 3371 505 3431 illam
528 3389 593 3432 esse
615 3377 734 3449 negent.
777 3373 866 3433 Locis
887 3374 980 3450 igitur
1002 3374 1080 3433 inter
1101 3391 1134 3434 ee
1157 3374 1273 3435 collatis

151 3479 224 3552 puto
254 3473 476 3535 assentiendum
506 3474 576 3534 mihi
608 3491 673 3535 esse
695 3476 804 3536 Fabrio
835 3475 1029 3537 contendenti
1052 3475 1110 3549 (ad.
1133 3477 1275 3538 LXXIII

152 3581 242 3655 42,2
274 3598 303 3655 p.
325 3595 380 3638 444
402 3575 483 3654 ipen:
512 3579 555 3637 ita
583 3595 700 3654 semper
730 3572 829 3656 „ipse“
860 3579 1059 3640 locutionibus
1089 3600 1119 3657 p.
1145 3598 1195 3658 se,
1225 3599 1273 3659 „p.

152 3675 215 3738 me“
230 3684 285 3758 etc,
300 3699 392 3759 quum
408 3699 445 3740 ea
458 3679 536 3740 idem
553 3680 715 3756 declarant,
732 3680 813 3758 quod
836 3680 954 3758 „solus“
977 3683 1040 3742 sivo
1061 3700 1134 3760 „sua
1149 3675 1273 3760 sponte“

236 3859 270 3924 ⁴⁹)
288 3856 324 3912 cf.
342 3858 491 3915 Kuehnast
508 3878 535 3930 p.
556 3864 603 3914 140
616 3875 658 3928 sq.

238 3945 272 4009 ⁶⁰)
290 3943 334 3998 De
359 3946 469 4014 vulgari
497 3946 630 4001 dictionis
658 3961 699 4014 „p.
719 3952 764 4000 se“
784 3943 998 4014 signifieatIone,
1017 3943 1088 4014 quae
1106 3951 1150 4001 est
1168 3947 1272 4016 eadem,

152 4043 234 4098 quam
251 4026 337 4083 habet
356 4044 387 4092 „a
404 4034 450 4084 se“
469 4032 576 4100 passivi
593 4029 689 4086 formIs
713 4029 853 4085 adiectum
871 4035 900 4085 44
916 4031 953 4085 44
971 4030 1130 4086 subiectum
1148 4033 1272 4088 eiusdem

151 4113 290 4170 enuntiati
311 4113 443 4182 relatum,
470 4114 515 4170 hic
533 4116 691 4171 accuratius
708 4132 765 4171 non
783 4114 890 4184 disseri,
908 4117 960 4172 444
977 4118 1168 4172 tantummodo
1186 4118 1272 4184 locos,

151 4199 255 4270 quibus
272 4199 423 4269 invenitur,
440 4197 515 4256 infra
531 4200 624 4256 afferri
642 4206 859 4258 consentaneum
879 4206 931 4259 est
