2864 4686
574 1102 731 1240 Caput
771 1103 835 1214 H.

355 1308 463 1403 „Per‘
492 1309 631 1389 notione
656 1309 841 1408 temporati
870 1309 1073 1408 positurus

236 1517 319 1578 Siout
336 1518 519 1595 praepositio
543 1519 634 1596 „per“
661 1519 698 1578 de
720 1520 786 1579 loeo
808 1518 908 1596 aliquo
931 1518 1047 1590 dieitur,
1070 1537 1158 1595 quem
1173 1522 1271 1578 motus

150 1625 301 1696 permeat,
344 1621 387 1680 ita
420 1621 509 1680 etiam
542 1620 581 1680 ad
620 1625 738 1698 tempus
775 1620 957 1681 transfertur
998 1619 1204 1697 significatque
1240 1620 1270 1679 id

151 1724 277 1800 spatium
308 1723 463 1800 temporis,
500 1722 581 1799 quod
610 1724 687 1783 aetio
719 1724 883 1800 quaedam,
918 1723 1092 1800 priusquam
1121 1723 1271 1782 adfinem

151 1824 300 1903 producta
322 1825 369 1903 sit,
391 1825 546 1901 percurrit.
589 1825 656 1884 'Pali
678 1826 709 1884 vi
735 1829 765 1885 et
787 1826 907 1886 notione
929 1826 1028 1902 posita
1049 1826 1230 1902 praepositio
1254 1845 1271 1883 a

150 1928 236 1988 nobis
265 1925 341 1987 verti
369 1928 445 1986 solet
474 1927 637 1988 vocabulo:
670 1926 849 2000 ,wahrend“
882 1930 932 1988 vel
962 1928 1018 1998 ,im
1040 1927 1195 1989 Verlaufe“
1221 1928 1271 1986 vel

150 2021 343 2108 „hindureh“.
393 2030 482 2089 Haud
512 2049 580 2090 raro
613 2035 713 2090 autem
744 2031 924 2107 praepositio
955 2023 1045 2109 „per“
1072 2031 1218 2091 denotans
1240 2029 1270 2088 id

151 2137 284 2209 tempus,
312 2131 390 2191 intra
412 2132 493 2210 quod
521 2150 570 2192 res
597 2133 697 2210 aliqua
725 2133 897 2211 peragitur,
925 2136 1044 2194 nostro:
1080 2123 1272 2205 „innerhalb“

153 2233 316 2311 respondet
345 2238 375 2294 et
405 2253 440 2294 ea
470 2235 591 2294 notione
621 2235 766 2295 eolloeata
799 2236 928 2295 ooeurrit
956 2235 1104 2295 vocabulo
1126 2226 1271 2312 ,derand‘

153 2337 203 2396 vel
228 2330 353 2413 „forte“
377 2337 525 2409 comitata,
548 2337 738 2414 quiquidem
762 2355 835 2397 usus
858 2338 939 2413 apud
960 2339 1097 2397 'I'aeitum
1126 2354 1272 2413 nusquam

153 2439 314 2499 invenitur.
343 2438 392 2512 (of.
414 2439 546 2499 Hensell.
569 2458 599 2516 p.
621 2437 683 2513 27.)
712 2438 830 2499 Deinde
846 2439 1048 2501 adnotandum
1063 2443 1108 2499 ost
1121 2439 1271 2499 interdum

153 2542 213 2600 vim
247 2542 478 2619 praepositionis
508 2542 700 2620 temporalem
730 2543 819 2619 plane
858 2561 1025 2620 congruere
1061 2560 1128 2601 eum
1162 2541 1273 2602 eausali

153 2644 204 2704 vei
235 2644 453 2704 instrumentali
481 2647 511 2703 et
539 2645 569 2702 in
597 2644 740 2722 exemplis
769 2627 953 2720 eollegendis
979 2644 1129 2704 interdum
1152 2643 1273 2704 medu-

154 2746 272 2822 bitasse,
294 2751 394 2806 utrum
417 2748 476 2805 huo
499 2765 536 2804 an
559 2746 631 2805 illue
653 2765 688 2806 ea
711 2746 838 2805 referam
860 2748 943 2806 velut
964 2747 1074 2806 XXXV
1098 2750 1146 2824 15,
1170 2751 1187 2806 7
1211 2744 1274 2818 (ubi

155 2867 182 2906 v.
206 2845 386 2921 Weissenb.)
410 2848 460 2915 (of.
482 2848 571 2908 Fabri
596 2847 633 2908 ad
656 2848 740 2906 XXII
759 2852 807 2920 33,
824 2847 863 2921 7).
907 2850 1043 2925 Denique
1067 2849 1148 2926 quod
1170 2849 1275 2908 attinet

155 2951 193 3010 ad
217 2951 368 3009 materiam
392 2949 472 3010 haud
496 2951 633 3026 exiguam
657 2950 883 3027 disponendam,
905 2952 962 3010 hae
985 2952 1015 3010 in
1038 2969 1070 3010 re
1090 2951 1274 3027 Hensellium

155 3071 274 3129 sequar.
325 3053 456 3112 Primum
487 3053 578 3130 igitur
604 3070 655 3112 eos
687 3054 808 3111 afferam
835 3053 931 3130 loeus,
962 3053 1069 3130 quibus
1092 3053 1274 3129 praepositio

156 3173 222 3214 oum
245 3155 376 3231 propriis
402 3156 544 3232 temperis
572 3154 726 3224 vocabulis
749 3173 886 3215 connexa
908 3160 966 3232 est,
996 3154 1106 3215 deinde
1129 3173 1193 3226 eos,
1225 3156 1274 3214 ubi

155 3257 220 3316 aliis
251 3257 387 3333 apposita
414 3260 459 3316 esi
487 3257 671 3329 nominibus,
702 3274 781 3333 quae
803 3261 910 3316 notant
931 3275 979 3316 res
1001 3258 1129 3334 spatium
1153 3255 1273 3333 aliquod

155 3358 297 3437 temporis
319 3360 527 3436 perdurantes.
921 3362 925 3369 ⁴

244 3467 271 3522 1.
314 3460 527 3529 Praepositio
559 3447 664 3528 ,‚per“¹
695 3474 774 3516 eum
804 3460 951 3528 propriis
980 3460 1146 3529 temporis
1175 3475 1274 3516 voea-

155 3561 248 3619 bulis
270 3562 464 3618 coniuncta.

242 3678 368 3720 annus:
396 3664 520 3724 Taeitus
549 3664 697 3725 interdum
720 3665 971 3742 praepositionem
993 3664 1082 3742 „per“
1105 3683 1171 3724 eum
1194 3663 1276 3724 nudo

157 3767 272 3827 numeri
294 3767 419 3842 pluralis
442 3767 612 3827 aeeusativo
635 3766 849 3826 vocabulorum
872 3760 1012 3847 „anlnus‘ss
1041 3760 1149 3844 „dies“,
1180 3785 1276 3838 „men-

158 3863 215 3930 sis“
237 3869 400 3944 coniungit,
421 3869 463 3928 ita
485 3873 519 3928 ut
540 3869 570 3928 in
592 3868 813 3945 praepositione
835 3887 941 3928 sensus
957 3858 1034 3928 ‘insit
1054 3869 1277 3940 distributivum

243 4065 283 4130 32)
304 4081 330 4118 v.
348 4063 436 4117 Hand.
455 4063 535 4117 Turs.
553 4062 593 4115 IV
612 4080 639 4131 p.
659 4068 768 4118 434-6.
803 4063 942 4132 Draeger:
960 4063 1026 4118 hist.
1044 4063 1123 4134 synt.
1135 4064 1163 4117 1²
1177 4080 1204 4132 p.
1218 4069 1277 4119 603.

159 4149 302 4206 Kuehner:
320 4154 336 4206 l.
356 4151 372 4204 i.
391 4166 418 4219 p.
437 4153 485 4203 404
504 4165 545 4218 sq.
564 4157 591 4203 et
609 4154 658 4204 215
675 4155 734 4204 not.
754 4153 792 4204 10.
