2864 4686
181 246 219 301 14

177 415 351 487 usurpatam
374 409 454 469 hand
478 429 547 470 raro
569 409 650 487 apud
672 410 788 469 Livium
812 411 943 488 pendere
965 431 983 470 a
1008 413 1088 474 nudo
1111 413 1296 474 substantivo

176 542 218 552 —
241 514 370 588 exempli
391 514 487 589 gratia
509 514 617 572 affero:
640 513 737 572 XXIV
753 516 803 589 34,
820 517 872 574 13;
900 531 972 573 cura
994 533 1048 591 per
1070 517 1178 576 multos
1200 535 1295 576 annos

176 639 218 659 =
239 614 414 690 vleljithrige
445 612 556 691 Sorge,
585 614 663 691 156,
677 617 709 674 9:
739 632 794 691 per
826 614 967 693 ambages
993 615 1108 692 effigies
1129 641 1171 664 =
1193 619 1295 678 001001-

175 716 273 774 baftos
296 714 382 789 Bild.)
403 746 447 756 -
469 721 499 776 et
520 716 629 776 talibus
651 717 681 775 in
705 717 849 794 exemplis
876 735 944 776 cum
974 735 1046 778 casu
1077 737 1130 780 suo
1154 720 1294 779 coniunc-

174 822 234 877 tam
264 818 345 878 nudo
374 819 416 878 illi
445 819 633 879 substantivo
664 820 748 895 quasi
779 820 914 880 attributi
943 820 1010 882 loco
1040 822 1188 883 adiectam
1220 840 1294 882 esse.

174 918 224 994 (cf.
239 922 329 981 Fabri
351 921 389 980 ad
411 922 480 980 XXI
496 925 546 999 21,
562 926 614 998 103
636 923 803 982 Kucbnast
824 941 854 1000 p.
869 926 910 983 54
922 921 978 999 sq.)

258 1024 348 1083 Nunc
369 1042 442 1083 vero
464 1041 568 1084 omnes
591 1041 642 1083 cos
665 1024 754 1094 locos,
777 1024 886 1100 quibus
902 1028 984 1083 extat
999 1025 1050 1084 illa
1065 1025 1292 1102 praepositionis

171 1127 219 1184 vis
240 1125 456 1202 antiquissima,
478 1125 659 1186 enumerabo
683 1145 718 1186 ac
739 1127 867 1203 primum
890 1127 1011 1203 quidem
1034 1128 1089 1187 snb
1112 1146 1236 1189 numero

259 1225 289 1299 1)
313 1246 372 1305 eos,
395 1228 503 1304 quibus
524 1229 708 1304 praepositio
730 1227 923 1304 coniungitur
950 1248 1016 1288 cnm
1038 1232 1208 1286 terrarum
1229 1246 1290 1299 po·

169 1331 401 1397 pulcrumque
423 1329 630 1386 nominibus.
653 1328 748 1408 1134,
764 1334 797 1392 3:
821 1329 947 1391 dimissis
969 1334 1080 1409 passim
1103 1333 1142 1392 ad
1161 1332 1290 1393 frumen·

168 1435 231 1490 tum
255 1431 462 1503 coemendum,
484 1451 545 1492 non
566 1433 597 1490 in
620 1430 769 1491 Etruriam
792 1432 880 1492 modo
903 1433 1016 1493 dextris
1037 1435 1074 1494 ab
1090 1432 1174 1494 Ostia
1196 1435 1289 1495 litori·

169 1535 225 1594 bus
247 1536 395 1612 laevoque
418 1553 447 1611 p.
461 1534 588 1594 Volscos
611 1535 684 1593 mari
704 1533 860 1610 usquead
883 1534 1002 1595 Cumas.
1044 1538 1169 1613 1117‚3
1191 1542 1288 1597 trans-

168 1637 263 1696 versis
278 1637 434 1698 itineribus
446 1657 475 1714 p.
487 1636 654 1697 Labicanos
666 1654 754 1714 agros
769 1638 800 1696 in
811 1638 1001 1697 Tusculanos
1013 1639 1103 1698 colles
1118 1639 1288 1700 transirent

168 1740 260 1817 Vre,
276 1743 308 1800 5:
337 1758 367 1815 p.
389 1759 493 1816 agrum
524 1739 748 1825 Caeretem...
770 1740 891 1816 egressi.
936 1740 1006 1799 VIII
1023 1743 1049 1813 6,
1065 1744 1097 1802 8:
1120 1761 1149 1817 p.
1171 1741 1286 1802 Marsos

166 1833 386 1926 Paelignosque
415 1840 552 1918 profecti.
601 1841 644 1900 IX
659 1845 687 1912 2,
704 1845 735 1902 6:
771 1841 849 1902 duae
879 1841 918 1901 ad
956 1842 1114 1902 Luceriam
1150 1842 1287 1904 ferebant

165 1944 240 2015 viae,
261 1945 358 2002 altera
453 1944 549 2003 altera
571 1962 600 2020 p.
614 1942 763 2002 Furculas
785 1943 944 2003 Caudinas.
961 1949 1009 2016 17,
1026 1950 1075 2006 17.
1097 1948 1147 2022 38,
1163 1951 1194 2005 7:
1216 1964 1285 2023 pro·
1342 1953 1346 1959 '

145 2044 245 2105 tinus
275 2045 345 2106 inde
374 2047 526 2106 Etruriam
555 2065 584 2122 p.
606 2047 722 2105 Marsos
752 2064 788 2104 ac
815 2045 940 2106 Sabinos
969 2046 1101 2123 petituri.
1144 2047 1237 2125 X14,
1251 2053 1286 2109 4:

164 2147 276 2208 Fabius
306 2167 335 2225 p.
357 2147 521 2225 Soranum,
548 2148 660 2207 Decius
688 2166 717 2224 0.
746 2147 907 2208 Sidicinum
937 2167 1042 2224 agrum
1071 2149 1103 2208 in
1131 2148 1283 2210 Samnium

163 2249 297 2325 legiones
319 2248 441 2310 ducunt
485 2253 534 2321 20,
552 2254 583 2309 i:
605 2269 633 2326 0.
646 2249 791 2310 Vescinos
813 2251 844 2309 in
856 2250 1046 2327 Campaniam
1060 2251 1283 2328 Falernumque

164 2368 268 2426 agrum
285 2349 510 2411 transcendunt
546 2354 596 2428 30,
611 2355 642 2412 2:
665 2348 840 2412 Samnitium
855 2370 963 2427 agmen
979 2370 1046 2412 cum
1061 2371 1091 2429 p.
1105 2352 1282 2431 Paelignum

162 2470 268 2528 agrum
291 2453 419 2529 fugeret

247 2572 317 2631 XXI
333 2575 382 2650 21,
399 2575 451 2633 1οτ
490 2571 559 2631 dum
588 2572 653 2649 ipse
681 2573 817 2632 terrestri
847 2591 875 2649 p.
904 2572 1079 2649 Hispaniam
1110 2571 1282 2650 Galliasque

160 2674 267 2734 itinero
289 2673 401 2734 Italiam
424 2676 541 2749 peteret
564 2671 606 2746 (v.
619 2691 712 2749 supra
733 2692 762 2750 p.
779 2676 830 2744 13)
854 2678 903 2746 31,
920 2677 953 2736 9;
975 2673 1046 2735 inde
1067 2692 1096 2750 p.
1119 2676 1280 2734 extremam

161 2794 242 2836 oram
265 2773 478 2835 Vocontiorum
501 2775 566 2851 agri
588 2773 686 2835 tendit
708 2776 738 2834 in
751 2776 924 2847 *Tricorios3
957 2780 1008 2854 38,
1024 2774 1104 2848 7:¹⁵)
1127 2776 1178 2853 qui
1192 2776 1279 2836 ambo

160 2877 253 2938 saltus
283 2895 350 2937 enm
383 2895 444 2937 non
476 2876 507 2934 in
534 2876 683 2935 Taurinos
714 2864 775 2936 sed
801 2894 857 2953 per
886 2877 1021 2939 Salassos
1054 2881 1212 2938 montanos
1240 2876 1279 2936 ad

158 2980 271 3040 Libuos
293 2978 392 3039 Gallos
414 2977 617 3038 deduxissent.

243 3098 327 3158 XXII
342 3101 371 3175 8,
387 3099 421 3158 5:
451 3115 507 3157 nec
528 3117 557 3173 p.
580 3101 755 3177 occupatam
785 3099 875 3160 ‘armis
897 3100 1018 3160 Punicis
1046 3099 1164 3159 Italiam
1190 3097 1279 3159 facile

157 3205 222 3261 erat
244 3204 296 3260 aut
317 3200 454 3259 nuntium
477 3204 529 3260 aut
550 3201 651 3261 literas
674 3202 758 3262 mitti.
801 3205 878 3279 9,1:
908 3201 1060 3262 Hannibal
1156 3220 1186 3279 p.
1208 3202 1279 3261 Um·

155 3301 249 3361 briam
273 3319 369 3379 usque
392 3299 431 3360 ad
453 3300 614 3378 Spoletium
642 3302 737 3381 v'enit3
769 3306 817 3380 13,
833 3308 865 3364 6:
893 3322 949 3382 per
972 3303 1152 3364 Callifanum
1173 3301 1278 3363 Allifa-

155 3423 287 3480 numque
316 3410 346 3465 et
368 3403 511 3463 Calenum
534 3421 638 3479 agrum
669 3401 700 3462 in
723 3421 859 3481 campum
882 3401 1034 3466 Stellatem
1056 3403 1214 3464 descendit
1236 3399 1278 3476 (v.

242 3619 274 3686 ¹⁶)
293 3633 358 3687 ,per
376 3616 502 3672 Salassos
524 3621 687 3671 montanos“
706 3617 818 3686 plurtmi
842 3617 970 3673 editores
987 3614 1163 3685 scripserunt
1184 3618 1275 3672 secuti

153 3702 288 3771 lipsium,
306 3700 406 3770 quiex
425 3701 551 3757 codicum
569 3701 704 3756 lectione:
724 3718 790 3771 ,per
807 3703 895 3757 saltus
906 3701 1019 3768 (001100)
1029 3705 1191 3755 montanos“
1210 3715 1277 3755 con-

148 3789 221 3858 jsclt
244 3787 330 3842 illud:
355 3803 383 3855 0.
401 3785 456 3841 Sal.
474 3801 509 3840 m.
531 3782 688 3855 Madvigius
712 3792 805 3842 autem
831 3787 873 3855 (in
900 3786 1051 3841 emendat.2
1068 3801 1095 3854 p.
1113 3789 1177 3854 270)
1204 3785 1276 3842 banc

152 3872 300 3942 proposuit
318 3872 514 3926 coniecturam:
534 3871 660 3940 ,0.01100
678 3877 852 3940 montanos“,
869 3872 935 3940 quia
952 3885 1052 3925 nomen
1071 3871 1273 3941 appellativum

152 3957 333 4025 ‚,montanos“
351 3971 407 4009 non
424 3961 520 4025 aptum
538 3961 614 4011 esset
631 3956 667 4011 ad
685 3956 827 4025 Salassos3
844 3955 896 4012 sed
913 3970 966 4023 ego
984 3955 1192 4011 assentiendum
1209 3972 1272 4012 0000

151 4045 221 4110 0010
244 4039 474 4096 Weissenbornio
495 4040 598 4095 dicenti
623 4055 687 4096 esse
711 4039 861 4096 verisimile
885 4039 1008 4109 Livium,
1032 4046 1064 4095 ut
1086 4039 1271 4095 Taurinorum

150 4133 179 4181 et
201 4125 352 4180 Librorum
377 4123 518 4180 Gallorum
544 4125 583 4179 ita
608 4125 690 4180 etiam
714 4124 887 4181 Salassorum
913 4139 1015 4180 nomen
1042 4124 1086 4179 blo
1113 4123 1271 4179 accuratius

151 4210 288 4267 attulisse.
