2864 4686
152 261 193 318 46

236 425 413 481 mea-idlae:
443 425 527 484 XLII
550 430 599 501 64,
622 429 657 486 8:
688 426 783 502 pridie
814 445 843 502 p.
872 447 908 486 ιιι.
935 427 1062 503 profecti
1084 427 1121 487 ab
1145 428 1272 504 Sycurio

152 535 238 588 erant
260 527 323 602 (ubi
344 548 371 588 v.
387 527 560 601 Drakenbl.

236 644 324 686 nox:
358 631 443 689 XXII
466 635 515 708 16,
537 635 572 692 8:
606 632 644 690 ad
688 631 747 690 duc
788 632 869 690 milia
908 631 1002 691 ferme
1034 631 1123 692 boum
1157 633 1272 702 effecta,

152 732 395 808 Hasdrubalique
425 734 577 809 negotium
601 734 720 802 datram,
750 739 783 792 nt
809 747 871 800 per
892 736 1032 789 noctem
1052 734 1081 792 id
1105 738 1272 793 armentum

152 836 286 894 accensis
309 834 449 893 cornibus
472 835 517 890 acl
539 837 648 895 montis
670 842 791 912 ageret,
820 836 962 912 maxime,
992 837 1016 895 si
1038 841 1153 914 posset,
1182 855 1273 912 super

152 940 247 996 saltus
276 936 312 996 ab
342 938 427 995 hoste
455 938 592 996 iusessos.
637 937 708 1012 Cap.
733 942 780 1014 17,
812 942 914 997 1-22
943 939 1050 998 Primis
1075 938 1205 998 tenebris
1234 939 1272 998 si·

152 1041 244 1098 leutio
267 1043 347 1097 mota
369 1043 478 1114 castra;
509 1039 600 1098 boves
623 1040 778 1115 aliquanto
802 1044 871 1098 ante
893 1042 980 1115 signa
1002 1041 1068 1100 acti.
1089 1041 1141 1100 ubi
1164 1040 1202 1099 ad
1226 1060 1272 1100 ra·

152 1143 232 1200 dices
262 1142 405 1200 montium
437 1143 561 1216 viasque
585 1145 730 1217 angustas
753 1146 874 1200 rentum
898 1149 951 1213 est,
982 1144 1100 1218 signum
1123 1144 1272 1218 extemplo

153 1245 255 1322 datur,
285 1248 318 1302 ut
345 1245 479 1302 accensis
510 1242 652 1302 cornibus
684 1249 819 1302 armenta
848 1245 877 1302 iu
909 1245 1052 1304 adversos
1083 1248 1272 1305 concitentur

153 1344 315 1418 montis.⁴¹)

237 1449 335 1508 XXIII
358 1450 408 1524 44,
431 1452 464 1508 6:
493 1447 587 1507 imber
615 1447 770 1507 continens
798 1466 827 1524 p.
857 1452 975 1508 noctem
999 1451 1091 1508 totam
1114 1466 1210 1526 usque
1233 1450 1272 1508 ad

151 1553 256 1611 horam
285 1551 401 1610 tertiam
432 1549 488 1609 diei
520 1551 706 1626 insequentis
736 1551 850 1620 tennit3
888 1551 1013 1611 XXXIX
1045 1555 1093 1628 10,
1124 1556 1157 1611 1:
1189 1552 1214 1611 si
1241 1568 1271 1627 p.

236 1750 270 1812 ⁴¹)
289 1746 358 1800 Cum
376 1751 454 1799 totus
471 1746 552 1800 locus
570 1746 607 1799 sit
624 1745 761 1814 difficilis,
788 1761 840 1814 ego
863 1746 954 1800 emula
980 1761 1052 1814 quac
1070 1742 1136 1801 sunt
1153 1746 1272 1800 alicuius

151 1832 284 1886 momenti
306 1831 392 1885 verba
413 1831 557 1899 adscripsi.
598 1833 643 1884 Ac
659 1831 778 1900 primum
803 1832 914 1899 quidem
932 1833 1070 1896 agendum
1088 1836 1133 1886 est
1150 1832 1186 1885 de
1205 1832 1271 1886 scri-

152 1924 234 1988 ptura
257 1931 323 1985 „per
346 1920 481 1977 noctem“‚
505 1931 586 1983 quam
615 1917 644 1968 in
671 1922 751 1969 textu
773 1916 868 1984 posuit
889 1916 1134 1970 Weissenboruius
1156 1917 1272 1970 alteram

152 2016 264 2070 quoqne
281 2000 427 2055 lectionem
447 2007 562 2063 „nocte“
581 2017 751 2068 proponens.
785 2001 904 2070 Legitur
916 2002 945 2054 iu
957 2001 1150 2069 antiquissimo
1162 2002 1274 2056 codice:

153 2093 200 2151 ,ιιι
235 2086 328 2155 primis
363 2085 487 2139 tenebris
522 2095 631 2139 noctem
666 2086 695 2138 id
730 2093 883 2139 armentum
912 2087 1046 2140 'accensis
1076 2086 1208 2141 cornibus
1238 2086 1275 2140 ad

151 2172 252 2225 montis
270 2178 391 2238 ageret,“
411 2170 487 2238 quod
504 2171 631 2224 nonnulii
650 2170 773 2225 editores
791 2176 932 2224 mutarunt
949 2171 993 2223 in:
1022 2171 1133 2240 „primis
1151 2171 1274 2226 tenebris

151 2257 241 2311 noctis
325 2263 401 2324 sqq.“
438 2254 495 2310 Sed
512 2255 582 2310 haec
605 2255 693 2310 verba
716 2254 865 2310 abhorrent
887 2257 923 2310 ab
947 2255 993 2321 its,
1022 2270 1092 2323 quae
1118 2263 1274 2329 sequuntur

151 2348 187 2410 (c.
216 2346 255 2409 ιι,
284 2343 323 2406 1):
355 2341 467 2410 „prinris
493 2340 618 2395 tenebris
644 2340 756 2394 silentio
783 2346 857 2395 mota
883 2347 1003 2394 castra“:
1039 2355 1101 2395 nam
1131 2340 1191 2395 deri
1216 2356 1272 2394 non

151 2428 258 2496 potuit),
293 2431 325 2478 ut
350 2425 509 2479 Hasdrubal
540 2425 636 2495 prImis
670 2426 813 2480 tenebris¹
836 2424 979 2493 profectus
1018 2425 1115 2480 eodem
1149 2431 1273 2495 tempore

151 2513 234 2566 etiam
264 2511 299 2564 ad
329 2517 436 2565 montes
465 2510 588 2578 veniret,
625 2511 785 2578 pracsertim
820 2526 882 2564 cum
916 2510 1072 2565 Poenorum
1105 2515 1198 2565 castra
1226 2511 1273 2565 ali-

151 2603 285 2665 quantum
312 2594 492 2650 amentibus
519 2595 660 2650 abessent.
702 2595 773 2649 Inde
799 2594 921 2650 efficitur
946 2595 1017 2649 illud
1043 2595 1136 2664 prius:
1164 2595 1274 2664 „primis

151 2682 290 2736 tenebris*
314 2696 349 2735 cx
373 2678 504 2734 inferiore
528 2680 590 2734 loco
614 2681 643 2733 in
666 2680 837 2749 seponerem
855 2695 872 2734 a
889 2680 1003 2736 librario
1021 2681 1183 2735 translatum
1202 2694 1273 2746 esse,

151 2768 179 2820 id
198 2768 274 2834 quod
292 2765 540 2821 Weissenbornius
558 2772 634 2820 reete
651 2771 854 2818 commemorat
890 2765 943 2830 Qui
960 2765 1042 2819 homo
1054 2766 1154 2820 doctus
1165 2765 1201 2820 ob
1213 2780 1273 2819 eam

151 2868 207 2907 rem
233 2852 303 2921 legit
327 2867 393 2920 „per
414 2855 559 2918 noctem“;
585 2856 615 2904 at
636 2864 689 2918 ego
713 2850 769 2918 legi
793 2849 876 2904 velim
902 2856 1013 2913 „nocte“
1037 2851 1077 2917 (in
1095 2849 1147 2904 der
1163 2849 1274 2917 Nacht),

151 2953 207 2990 non
234 2953 277 3005 „p.
295 2943 430 3003 noctem“,
458 2950 520 2989 cum
539 2934 590 2988 hoc
617 2934 694 2988 nullo
721 2934 776 2988 alio
803 2934 865 2989 loco
891 2938 965 3003 apud
987 2936 1098 2990 Livium
1115 2935 1273 3003 repererim.

152 3022 208 3076 Sed
225 3037 310 3075 unum
329 3025 418 3074 restat
436 3019 559 3087 dubium,
578 3019 654 3088 qnod
671 3020 706 3074 ab
720 3020 875 3075 editoribus
888 3021 1023 3074 monitum
1035 3037 1091 3075 non
1104 3035 1167 3076 esse
1179 3020 1273 3074 miter:

151 3106 347 3162 offendendum
371 3104 444 3159 enim
468 3109 513 3158 est
534 3105 565 3158 iu
583 3104 691 3160 verbis:
717 3111 763 3168 ,ιιι
780 3105 810 3159 id
828 3113 981 3160 armentum
999 3106 1123 3160 accensis
1141 3105 1273 3160 cornibus

151 3193 191 3242 ad
217 3192 330 3242 montis
357 3196 478 3257 ageret“,
508 3205 579 3258 quae
606 3191 758 3244 vertimus:
788 3191 856 3244 dara
883 3205 913 3245 er
935 3190 981 3243 die
999 3189 1207 3245 Rinderheerde
1224 3191 1275 3244 mit

151 3275 334 3332 brennenden
352 3274 574 3342 Reisigbtindeln
592 3275 644 3329 auf
658 3275 713 3330 den
730 3275 859 3329 Hdrnern
878 3291 913 3329 au
937 3275 990 3328 den
1008 3273 1133 3342 Bergan,
1156 3274 1228 3328 nach
1245 3275 1272 3328 d.

151 3361 183 3416 B.
201 3354 261 3428 hin,
286 3360 328 3414 bis
351 3374 387 3413 an
405 3359 433 3413 d.
450 3359 481 3412 B.
506 3359 615 3412 treiben
638 3361 733 3413 lasaen
756 3359 862 3414 sollte.“
899 3359 954 3413 Sed
973 3359 1089 3428 <agitari
1107 3375 1161 3412 non
1179 3365 1274 3428 potest

152 3445 352 3501 Hasdrubalem
378 3460 395 3497 a
421 3443 577 3510 montibus,
611 3458 681 3511 qnos
703 3445 787 3512 petit,
814 3444 871 3497 duo
895 3442 954 3498 fere
976 3443 1102 3498 milliaria
1124 3444 1273 3498 distantem

152 3531 244 3585 statim
267 3531 302 3584 ab
325 3528 433 3584 itineris
455 3528 535 3581 initio
559 3533 695 3583 sarmenta
717 3528 802 3582 boum
826 3528 960 3583 cornibus
983 3529 1138 3597 praeligata
1159 3529 1273 3583 accendi

152 3616 279 3682 iussisse,
298 3615 347 3668 sed
365 3618 401 3680 (c.
422 3618 461 3680 17,
481 3615 509 3679 2)
526 3612 576 3667 ubi
593 3613 629 3666 ad
646 3613 754 3666 radices
773 3614 906 3667 montium
924 3618 1038 3668 ventum
1056 3619 1108 3681 est,
1136 3619 1274 3668 sarmenta

151 3700 339 3755 accenduntur
356 3699 500 3766 bovesque
517 3697 548 3751 in
565 3703 674 3752 montes
692 3699 874 3753 concitantur.
911 3699 1001 3754 Credo
1013 3697 1100 3767 igilur
1110 3698 1273 3752 mutandum

152 3801 216 3841 esse
235 3786 287 3848 „ad
304 3783 424 3839 montis“
443 3788 473 3838 ct
490 3782 669 3839 scribendum
686 3783 819 3838 tortasse:
843 3784 903 3847 „in“
922 3784 967 3838 vel
985 3783 1091 3852 potius:
1115 3784 1159 3847 „in
1177 3783 1274 3839 adver-

151 3888 198 3926 sos
218 3878 270 3925 m.“
288 3869 385 3938 (hinan
403 3867 454 3923 anf
469 3869 496 3923 d.
514 3868 559 3936 B.)
576 3868 616 3922 ite
634 3874 666 3922 ut
682 3869 768 3923 totius
781 3869 918 3924 enuntiati
930 3869 969 3923 sit
980 3871 1131 3924 sententia:
1150 3869 1273 3924 Hasdru-

151 3957 197 4011 bal
220 3956 333 4012 iubetnr
355 3955 390 4010 ab
409 3953 566 4009 Hannibale
588 3959 669 4008 nocte
691 3968 775 4022 agere
793 3961 947 4008 armentum
965 3954 995 4007 in
1012 3955 1146 4009 adversos
1164 3953 1274 4008 montis.

152 4042 280 4096 Ceterum
304 4056 365 4095 cum
388 4039 540 4094 mutatione
564 4052 625 4093 mea
646 4039 720 4093 bene
745 4046 915 4107 congruunt,
940 4053 1011 4106 quae
1035 4038 1221 4104 Quintilianus
1246 4038 1274 4092 lI

155 4132 193 4194 ιι,
211 4133 227 4180 9
245 4127 326 4181 dicit:
342 4126 382 4194 (p.
399 4126 522 4192 noctem)
541 4123 582 4185 „in
595 4125 729 4179 adversos
741 4139 776 4178 m.
795 4139 881 4192 agens
899 4129 1045 4178 armenta.“
1073 4121 1116 4177 cf.
1130 4123 1273 4178 Wolfftin:

151 4212 212 4267 Liv.
230 4211 302 4264 Krit.
320 4227 347 4278 p.
368 4215 407 4264 17.
441 4208 576 4277 naevia:
596 4209 640 4263 ed.
657 4209 703 4263 vol
721 4207 775 4262 ΙΙ.ι
791 4209 821 4264 P.
839 4208 853 4262 1
871 4206 957 4277 praef.
975 4207 1040 4261 XII.
