2864 4686
151 221 191 278 76

150 385 199 459 (cl.
228 387 359 457 Hensell.
392 405 419 460 p.
450 384 513 458 45.)
557 386 602 444 Ad
638 387 715 444 bune
750 387 893 446 medalem
928 386 1155 463 praepositionis
1187 404 1273 444 usum

150 489 230 565 apud
254 489 367 546 Livium
393 488 657 573 demonstrandum
681 489 761 547 bunc
783 508 872 548 unum
898 490 993 549 locum
1018 491 1124 548 afferre
1144 505 1275 565 possum,

151 592 201 650 ubi
224 590 407 666 praepositio
431 583 523 667 „per“
548 610 585 649 ex
607 591 700 650 verbo
725 591 906 647 ordinandi
927 591 1054 668 pendet:
1081 592 1164 649 XXII
1187 594 1216 666 5,
1239 596 1274 650 7:

149 711 229 752 nova
252 691 289 751 de
311 693 429 768 integro
453 697 557 751 ‹rxorta
580 712 683 770 pugna
707 698 767 769 est,
799 713 858 752 non
883 694 933 752 illa
956 693 1094 753 ordinata
1116 711 1171 767 per
1193 673 1297 768 prin?

150 797 230 873 cipes
253 797 447 871 hastatosque
471 815 505 853 ao
528 797 663 872 triarios,
687 795 726 869 (v.
749 783 913 856 Weissenb.
936 796 975 856 ad
997 797 1025 854 b.
1046 793 1086 868 I).
1107 826 1150 836 -

236 931 267 1004 3)
302 933 413 992 Modali
444 951 534 991 sensu
565 933 817 1009 praepositionem
849 928 936 1009 „per“
959 935 1045 992 etiam
1068 933 1103 991 iis
1127 933 1200 991 locis
1222 952 1274 1009 po-

149 1037 233 1094 sitam
257 1055 320 1094 esse
344 1054 466 1111 censeo,
490 1036 540 1094 ubi
565 1035 779 1094 locutionibus:
809 1035 902 1090 diem
925 1048 1126 1090 consumere
1149 1034 1274 1109 aliisque

149 1138 259 1196 talibus
283 1138 384 1196 iuncta
408 1141 462 1213 est,
486 1157 664 1213 quamquam
688 1139 938 1213 praepositionem
954 1138 1064 1196 talibus
1080 1138 1108 1194 iu
1129 1137 1274 1212 exemplis

150 1239 236 1299 etiam
261 1259 316 1315 pro
340 1241 559 1298 instrmnentali
591 1239 692 1298 baberi
717 1258 805 1315 posse
829 1236 970 1298 concedo.
1015 1240 1153 1299 Ceterum
1171 1238 1274 1298 Livius

148 1341 178 1399 id
208 1361 303 1417 genus
331 1341 449 1399 dicendi
481 1342 561 1416 apud
592 1344 774 1417 posteriores
803 1338 1011 1416 scriptoresffl)
1044 1341 1274 1417 usitatissimum,

149 1462 209 1502 non
233 1444 339 1502 erebro
363 1442 493 1518 adhibet,
516 1442 569 1501 sed
594 1443 705 1501 nudum
729 1442 890 1501 ablativum
915 1443 1046 1519 praefert
1078 1443 1114 1509 (e.
1137 1463 1165 1519 g.
1187 1444 1274 1501 xxu

148 1549 197 1615 45,
223 1551 254 1619 13
277 1545 373 1603 XXIV
398 1548 445 1615 38,
470 1549 505 1620 63
529 1545 641 1603 XXVII
666 1550 693 1621 3,
718 1549 748 1613 1;
779 1545 860 1603 ΧΧΧ
884 1548 933 1620 24,
955 1550 990 1614 4;
1017 1545 1129 1603 XXXII
1153 1549 1201 1618 22,
1225 1542 1274 1616 3.).

148 1648 236 1723 Loci,
267 1666 343 1722 quos
366 1646 483 1723 reperi,
513 1655 594 1705 sunt:
630 1647 714 1705 XXII
738 1651 787 1723 29,
811 1653 841 1706 7:
876 1649 916 1705 ita
937 1667 965 1722 p.
987 1648 1099 1705 variam
1122 1646 1272 1706 fortunam

148 1750 205 1808 diei
228 1750 337 1808 maiore
361 1755 446 1825 parte
470 1755 589 1822 exacta,
613 1750 723 1807 XXVII
742 1754 790 1817 31,
807 1754 839 1810 9:
863 1770 889 1826 p.
912 1749 987 1807 baec
1011 1748 1122 1823 flagitia
1138 1749 1273 1809 sollemni

148 1853 327 1910 Nemeorum
351 1856 487 1926 peraet03
527 1852 623 1909 XXXI
648 1854 698 1926 42,
723 1849 754 1908 7:
787 1851 835 1909 die
858 1870 886 1926 p.
909 1852 1065 1928 proelium,
1088 1851 1196 1909 deindo
1218 1870 1273 1927 per

148 1953 343 2029 direptionem
368 1961 532 2011 castrorum
556 1955 731 2029 absumpto;
766 1954 819 2012 XL
842 1958 870 2024 4,
895 1957 946 2012 1οτ
970 1953 1016 2012 die
1039 1972 1094 2029 per
1115 1953 1272 2012 sollemnes

148 2056 252 2131 epulas
284 2059 459 2130 consumpto
491 2053 539 2127 (cf.
562 2056 645 2112 XXII
672 2059 720 2130 18,
744 2053 784 2126 9).
828 2057 884 2113 Hic
912 2073 1033 2139 quoque
1061 2056 1153 2114 affero
1176 2056 1272 2114 XXXI

148 2161 198 2233 41,
223 2162 278 2218 10:
309 2176 373 2216 cum
398 2201 426 2216 ..
450 2157 500 2214 alii
532 2158 560 2215 in
595 2157 699 2215 eastris
732 2201 761 2216 ..
793 2177 820 2233 p.
851 2175 986 2216 somnum
1014 2158 1178 2232 vinumque
1208 2158 1271 2215 dies

147 2259 284 2318 noctibus
308 2265 480 2335 aequarent.

232 2394 264 2468 4)
302 2397 439 2473 Denique
470 2395 596 2454 modalis
627 2396 673 2454 vis
705 2396 921 2471 praepositioni
954 2394 1144 2454 attribuenda
1174 2398 1219 2454 est
1241 2396 1271 2452 in

147 2497 359 2557 locutionibus:
391 2513 469 2569 „per
492 2490 623 2553 omnis“
657 2504 687 2556 et
717 2512 797 2575 „per
825 2490 937 2556 haec“.
988 2499 1052 2556 Hoc
1082 2515 1172 2556 sensu
1203 2516 1271 2557 eon-

148 2601 277 2659 iunctam
302 2619 368 2659 oum
392 2600 457 2658 aliis
488 2601 637 2675 variisque
660 2600 816 2658 adiectivis
838 2600 889 2658 vel
906 2598 1129 2675 pronominibus
1151 2598 1272 2674 generis

147 2703 281 2762 neutrius
314 2702 564 2777 praepositionem
600 2719 704 2776 prosae
737 2701 879 2760 orationis
912 2702 1075 2777 scriptores
1106 2701 1271 2776 posteriore

147 2806 263 2865 demum
288 2808 385 2864 aetate
408 2808 570 2880 usurpant,
601 2807 705 2880 poetae
730 2808 828 2862 autem
857 2804 886 2861 in
910 2803 1083 2862 universum
1106 2803 1162 2861 hae
1185 2803 1215 2860 in
1238 2820 1270 2861 re

147 2908 268 2967 liberius
292 2926 323 2965 se
347 2911 464 2982 gerunt.
510 2905 587 2962 lllud
618 2910 715 2963 alitem
743 2924 815 2981 ,per
838 2903 954 2965 omnia“
981 2905 1113 2982 explieat
1135 2904 1271 2963 Handius

147 3009 188 3081 (in
211 3011 298 3068 Turs.
322 3010 362 3066 IV
395 3028 422 3084 p.
445 3009 517 3082 447,
543 3004 593 3078 15)
624 3007 735 3065 verbis:
773 3009 814 3076 „in
841 3007 994 3084 omuibus,
1018 3005 1167 3082 omnino“,
1190 3005 1270 3081 quod

148 3129 202 3169 nos
225 3109 361 3168 dicimus:
385 3111 412 3167 in
438 3111 516 3168 allen
541 3108 682 3179 Stueken,
706 3108 911 3186 uberhaupt“‚
934 3110 1074 3184 idemque
1097 3110 1202 3167 doetus
1224 3109 1271 3166 vir

147 3209 189 3283 (in
212 3213 298 3270 Turs.
322 3212 373 3269 IV.
396 3230 424 3285 p.
447 3215 517 3281 445,
543 3208 594 3281 11)
620 3230 693 3287 „per
716 3210 807 3269 haec“
833 3211 979 3286 -quod
1003 3210 1083 3288 apud
1107 3211 1269 3285 scriptores

148 3313 251 3371 aetatis
282 3317 444 3387 argenteae
476 3312 579 3371 eodem
611 3331 701 3373 sensu
729 3332 764 3371 ac
791 3306 985 3389 ,propterea“
1008 3314 1136 3388 positum
1160 3315 1206 3371 est
1229 3343 1265 3350 —

147 3420 228 3473 reete
252 3415 388 3492 exponit:
420 3415 482 3492 „his
510 3415 600 3474 rebus
629 3415 670 3473 ita
702 3432 734 3473 se
764 3409 970 3493 habentibus“,
998 3415 1078 3492 quod
1108 3413 1271 3491 respondet

148 3518 342 3576 Germanicae
365 3517 541 3576 elocutioni:
565 3522 670 3593 „unter
694 3516 796 3575 diesen
819 3517 1030 3576 Umsttinden‘fi

232 3635 304 3693 Loci
325 3639 394 3693 sunt
417 3636 461 3692 bi:
487 3637 636 3696 13412:
659 3655 687 3712 p.
711 3637 809 3694 omnia
832 3640 973 3712 expertus
997 3634 1057 3708 (ubi
1076 3655 1101 3694 v.
1118 3634 1269 3711 Weissb.);

149 3739 246 3813 X39,
270 3740 302 3797 8:
334 3738 390 3795 iam
421 3757 449 3813 p.
472 3739 571 3796 omnia
594 3738 631 3796 ad
655 3739 855 3798 dimicandum
879 3739 950 3796 satis
973 3743 1110 3814 paratus;
1150 3739 1219 3796 VIII
1243 3741 1270 3813 6,

150 3843 204 3898 16:
227 3859 255 3916 p.
280 3840 353 3898 haee
375 3858 412 3897 ne
436 3859 495 3916 quo
518 3859 621 3899 errore
644 3841 751 3899 milites
767 3843 956 3915 caperentur,
979 3837 1101 3898 edicunt
1124 3840 1270 3914 consules,

150 3959 185 3999 ne
209 3942 275 4017 quis
298 3945 384 4001 extra
407 3941 539 4001 ordinem
563 3942 592 4000 in
617 3942 730 4001 bostem
754 3945 911 4018 pugnaret.

149 4091 245 4098 ..η-η...

233 4174 267 4237 m)
285 4171 319 4224 cf.
339 4171 461 4225 Hensell.
480 4188 506 4239 p.
526 4175 556 4223 47
577 4187 617 4238 sq.
