2864 4686
569 1048 726 1185 Caput
766 1049 857 1160 111.

211 1255 259 1334 lle
288 1256 536 1354 propositione
564 1261 668 1354 „per‘
695 1257 872 1334 translato
900 1275 1008 1334 sensu
1038 1259 1219 1355 usurpata.

238 1465 349 1526 Omnes
379 1465 616 1542 praepositiones
648 1485 666 1523 a
696 1466 828 1540 genuina
859 1484 913 1525 sua
936 1468 967 1524 vi
990 1485 1025 1524 ao
1048 1465 1274 1541 significatione,

153 1588 242 1646 quam
273 1567 395 1626 localem
427 1568 551 1626 maxime
581 1585 648 1626 esse
686 1569 758 1626 satis
792 1572 924 1644 constat,
962 1567 1115 1642 paullatim
1154 1567 1276 1645 longius

152 1671 298 1731 recedunt
320 1670 503 1744 liberiusque
527 1670 564 1728 ad
586 1671 668 1740 alias,
691 1688 770 1746 quae
794 1671 913 1746 quidem
936 1671 1021 1746 quasi
1045 1671 1157 1729 looales
1175 1673 1274 1730 animo

152 1773 375 1850 percipiuntur,
403 1790 452 1830 res
475 1771 611 1830 adhiberi
635 1772 748 1831 solent:
778 1790 812 1830 ao
840 1773 967 1847 primum
998 1771 1117 1847 quidem
1149 1772 1187 1830 ad
1216 1790 1277 1844 eas,

153 1893 229 1952 quae
251 1875 290 1932 ad
313 1878 444 1950 tempus,
473 1874 581 1933 deinde
609 1892 687 1949 quae
719 1874 757 1932 ad
787 1892 906 1932 oausam
936 1875 985 1933 vel
1008 1874 1126 1932 modum
1148 1873 1276 1933 aetionis

152 1978 278 2037 alieuius
301 1975 452 2051 pertinent
482 1977 584 2051 itaque
613 1974 661 2045 fit,
692 1980 725 2034 nt
747 1977 985 2051 praepositiones
1008 1978 1128 2050 praeter
1151 1975 1274 2034 loealem

152 2097 271 2138 sensum
295 2077 424 2136 habeant
445 2078 639 2154 temporalem
658 2079 924 2147 instrumentalem,
948 2078 1096 2136 causalem
1120 2078 1274 2148 medalem,

153 2200 212 2258 qua
235 2180 272 2240 de
294 2199 327 2239 re
348 2184 488 2239 aoenrate
511 2179 653 2239 disseruit
675 2180 842 2239 Fritsohius
864 2179 881 2237 1.
905 2198 929 2238 1.
952 2198 980 2255 p.
1005 2183 1043 2239 17
1067 2197 1132 2256 sqq.

680 2365 698 2435 1
723 2371 748 2426 1.

317 2478 440 2563 ,‚Per“
460 2479 608 2544 notione
630 2478 909 2545 instrumentali
931 2478 1104 2561 positum.

237 2606 291 2665 Illa
314 2606 445 2665 notionis
467 2606 690 2682 antiquissimae
714 2604 837 2665 mutatio
868 2606 897 2664 in
920 2610 1023 2664 nostra
1046 2622 1166 2680 quoque
1189 2623 1274 2680 prae-

151 2708 298 2786 positione
328 2708 520 2778 observatur,
555 2711 599 2783 et,
632 2707 782 2784 quomodo
811 2708 916 2767 loealis
945 2708 1009 2765 eius
1038 2705 1215 2780 significatio
1243 2707 1272 2765 iu

151 2811 347 2888 temporalem
369 2809 530 2883 transierit,
551 2810 580 2866 in
605 2811 756 2885 prooemio
780 2810 887 2885 eapitis
909 2809 948 2867 11.
968 2809 1026 2867 iam
1043 2808 1178 2868 vidimus.
1215 2809 1273 2867 Hie

151 2919 250 2973 autem
266 2914 303 2971 de
318 2911 550 2989 praepositionis
576 2910 666 2987 „per“
693 2913 814 2971 notione
830 2910 1050 2970 instrumentali
1061 2908 1099 2982 44)
1122 2909 1272 2987 agendum

151 3016 221 3074 milri
252 3018 304 3072 est.
362 3015 405 3071 Ea
441 3014 483 3071 ita
519 3012 582 3072 fere
614 3015 756 3089 explicari
786 3016 899 3090 potest:
936 3013 1116 3089 praepositio
1148 3012 1273 3071 denotat

152 3136 216 3175 eam
250 3117 344 3191 viam,
377 3134 454 3191 qnae
482 3134 537 3192 per
566 3115 696 3174 medium
728 3114 851 3192 aliquod
890 3114 928 3173 ad
963 3113 1050 3172 finem
1082 3111 1168 3186 (Ziel)
1205 3113 1273 3174 fert.

152 3219 256 3292 ltaque
286 3218 467 3294 praepositio
500 3215 589 3293 „per“
626 3236 692 3276 eum
725 3236 873 3294 personae
902 3215 1029 3276 alieuius
1056 3216 1173 3276 nomine
1204 3234 1273 3276 oon-

152 3321 255 3378 iuneta
282 3337 347 3378 eum
378 3317 544 3394 signifieat,
581 3320 630 3394 qni
667 3320 782 3378 medins
813 3320 938 3380 interest
976 3319 1055 3378 inter
1094 3319 1272 3395 principium

153 3422 275 3480 aetionis
307 3423 431 3496 eiusque
464 3420 687 3495 perfectionem.
743 3421 801 3480 Hie
830 3439 950 3497 qnoque
981 3421 1100 3481 ooeasio
1130 3438 1162 3479 11
1185 3421 1274 3478 offert

152 3522 322 3598 disputandi
355 3523 393 3580 de
426 3522 591 3582 discrimine
629 3523 708 3582 iuter
740 3523 978 3600 praepositiones
1018 3520 1071 3592 „a“
1110 3526 1139 3580 et
1177 3519 1268 3597 „per“

153 3643 220 3682 oum
242 3640 437 3699 personarum
460 3625 628 3683 nominibus
651 3625 835 3684 ooniunotas.
885 3625 925 3682 Ut
953 3623 1136 3698 praepositio
1167 3621 1271 3698 „per“,

151 3727 193 3786 ita
223 3742 344 3801 quoque
382 3725 430 3793 „a“
465 3745 531 3784 eum
566 3745 762 3803 personarum
793 3725 945 3785 vocabulis
977 3725 1181 3802 eonnectitur,
1217 3724 1271 3783 sed

151 3829 243 3904 plane
279 3826 315 3884 ab
347 3827 399 3885 illa
433 3827 580 3887 diversam
618 3829 709 3887 habet
741 3828 995 3902 significationem.
1047 3826 1165 3887 Indioat
1194 3827 1270 3884 enlm

150 3929 333 4006 praepositio
367 3930 421 3999 „a‘⁴
453 3947 536 4004 enm,
570 3949 588 3987 a
623 3948 683 4006 quo
712 3931 789 3989 aotio
819 3929 976 4006 incipitur,
1006 3929 1057 4004 qui
1087 3932 1132 3988 est
1167 3933 1272 3988 auotor

151 4032 291 4102 aetionis,
326 4029 415 4107 „per‘f
446 4037 543 4090 autem
574 4051 641 4091 eum
676 4032 837 4106 signifieat,
874 4032 958 4091 ouius
990 4031 1100 4090 auxilio
1132 4031 1195 4090 sive
1228 4032 1271 4089 in·

236 4197 272 4260 ⁴⁴)
289 4192 379 4245 Hand.
396 4191 478 4246 Tura.
496 4191 537 4245 lV
555 4209 581 4260 p.
600 4198 649 4246 131
669 4208 738 4260 sqq,
757 4193 894 4261 Draeger:
913 4193 978 4246 hist.
996 4191 1075 4262 Syut.
1088 4192 1119 4244 Ι2
1137 4194 1154 4245 1.
1172 4193 1190 4244 l.
