2864 4686
564 822 872 955 Praefatio.

664 1080 767 1090 —-

241 1204 325 1314 Cum
347 1253 385 1312 ad
407 1254 545 1330 syntaxim
567 1254 688 1328 linguae
702 1253 837 1312 Graecae
860 1256 890 1312 et
905 1253 1030 1312 Latinae
1053 1244 1192 1312 accurrate
1208 1269 1276 1311 con·

154 1356 333 1417 stitnendam
357 1355 532 1430 diligentius
556 1357 693 1430 oporteat
707 1355 817 1430 inquiri
841 1354 871 1413 in
894 1354 1081 1431 singulorum
1096 1355 1276 1430 scriptorum

154 1460 351 1520 elocutionem
374 1461 465 1534 atque
486 1456 557 1516 inde
580 1456 661 1515 haud
683 1474 781 1532 panca
803 1457 892 1515 etiarn
916 1455 955 1515 ad
977 1459 1091 1515 textum
1118 1455 1276 1515 emendan-

155 1560 225 1619 dum
248 1559 380 1635 effluant,
403 1560 459 1616 hac
482 1564 581 1618 aetate
605 1558 690 1618 multi
713 1558 823 1617 talibus
841 1558 1026 1618 studuerunt
1044 1557 1276 1635 quaestionibus.

154 1663 256 1738 Atque
279 1679 335 1738 ego
359 1661 480 1737 quidem
508 1659 692 1736 aliquamdiu
722 1660 751 1719 in
783 1659 861 1718 Livii
889 1660 974 1719 libris
1002 1666 1140 1721 versatus
1160 1661 1224 1719 ‘hae
1245 1661 1276 1720 in

155 1764 364 1823 dissertatione
386 1762 577 1822 tractandum
600 1762 669 1820 mihi
691 1760 836 1838 proposui
863 1760 1094 1838 praepositionis
1116 1755 1276 1839 „ner‘qui

155 1864 236 1942 apud
267 1865 348 1924 illum
379 1865 555 1941 scriptorem
585 1863 740 1923 invenitur
770 1881 864 1922 usum.
908 1864 946 1923 llt
974 1863 1102 1939 primum
1128 1864 1210 1941 quod
1237 1863 1276 1924 de

156 1967 290 2026 Liuianis
304 1966 576 2043 praepositionibus
593 1966 705 2025 nullum
723 1965 896 2025 continuum
919 1968 1002 2025 extat
1024 1965 1201 2041 opusculum
1220 1985 1277 2026 nec

156 2070 227 2127 satis
258 2069 357 2128 auxilii
389 2069 514 2144 praebet
543 2069 720 2143 glossarium
753 2068 790 2127 ab
812 2068 954 2127 Ernestio
983 2068 1185 2144 conscriptum
1208 2073 1278 2128 eta

155 2168 316 2231 Schaeiero
346 2171 557 2247 locupletatum
589 2173 641 2229 aut
672 2169 849 2229 Kuehnastii
880 2169 911 2228 in
944 2169 1012 2229 aliis
1043 2169 1161 2245 quidem
1187 2171 1277 2230 rebus

147 2254 329 2349 'praeclarus
352 2278 444 2350 atque
466 2273 548 2332 utilis
570 2273 661 2349 liber,
695 2272 746 2347 qui
768 2272 954 2332 inscribitur:
984 2273 1200 2349 Hauptpuncte
1223 2272 1278 2332 der

41 2364 43 2366 ’
154 2375 270 2435 Livias.
298 2374 414 2450 Syntax
443 2373 559 2448 (sweite
588 2391 680 2434 verm.
702 2374 870 2451 Bearbeitg.
899 2375 1003 2434 Berlin
1030 2371 1136 2446 1872),
1166 2373 1277 2434 deinde

155 2477 236 2552 qued
251 2476 282 2536 in
298 2478 514 2537 accuratiorem
530 2475 775 2552 disceptationem
798 2479 859 2535 tres
874 2478 1003 2549 tantum,
1026 2477 1056 2536 ni
1072 2475 1169 2548 fallor,
1191 2494 1276 2553 prae·

154 2579 317 2656 positiones
347 2569 422 2656 ‚‚de“
430 2573 452 2649 ¹)
483 2580 513 2636 et
544 2571 626 2651 „a“²)
656 2581 685 2636 et
713 2569 847 2653 ‚‚ant'e“³)
877 2579 1002 2637 vocatae
1031 2581 1115 2654 sunt,
1143 2578 1277 2638 inutilem

155 2683 207 2739 ant
237 2681 355 2740 inanem
387 2679 519 2740 laborem
550 2680 580 2738 in
613 2697 660 2738 me
687 2678 855 2756 suscepisse
884 2697 945 2738 non
974 2672 1107 2740 existimo
1130 2698 1165 2739 ac
1187 2697 1277 2758 spero

155 2781 267 2860 aliquid
292 2781 410 2841 fructus
434 2781 642 2859 commodique
665 2800 702 2842 ex
724 2782 781 2840 hoc
804 2781 950 2858 opusculo
973 2781 1039 2857 capi
1061 2798 1157 2856 posse.

240 2883 328 2958 Quod
352 2887 449 2944 autem
466 2884 623 2944 consillum
646 2887 677 2943 et
699 2901 788 2960 quem
811 2883 943 2944 ordinem
967 2884 998 2944 in
1019 2882 1205 2944 conficiendo
1220 2885 1279 2945 hoc

153 2984 254 3046 libello
276 2987 331 3046 sim
353 2991 483 3060 secutus,
505 2987 610 3064 paucis
632 2985 842 3062 exponendum
865 2989 918 3045 est

238 3089 358 3150 Summa
380 3107 440 3167 qua
462 3093 597 3166 poteram
614 3106 687 3148 eura
702 3086 810 3164 collegi
833 3092 863 3148 et
885 3087 963 3147 infra
985 3105 1153 3166 proponam
1175 3106 1278 3150 omnes

153 3189 248 3266 locos,
280 3191 390 3268 quibus
422 3192 485 3251 sola
513 3191 696 3269 praepositio
729 3208 795 3251 cum
825 3208 897 3250 casu
928 3191 1090 3251 coniuncta
1118 3191 1278 3269 invenitur,

153 3292 331 3352 omittendos
363 3294 465 3353 censui
498 3311 617 3372 omnes,
648 3293 757 3371 quibus
783 3292 969 3371 'praepositio
1002 3311 1068 3352 cum
1101 3292 1201 3353 verbis
1231 3296 1277 3354 est

153 3395 327 3472 composita.
369 3396 446 3455 Nam
470 3396 524 3456 etsi
546 3396 646 3456 omnia
667 3414 703 3456 es
731 3395 824 3455 verba
846 3395 876 3456 in
900 3412 989 3455 nsum
1011 3412 1109 3456 meum
1128 3395 1277 3474 congessi,

153 3499 253 3556 tamen
276 3499 401 3574 propter
423 3497 543 3557 nimiam
566 3499 707 3557 materiae
739 3498 855 3574 copiam
878 3501 971 3573 atque
992 3496 1205 3558 abundantiam
1227 3497 1277 3557 hic

152 3600 316 3674 praeterire
339 3617 375 3658 es
397 3600 538 3659 constitui
561 3599 690 3660 conlisus
713 3599 774 3658 alio
796 3599 862 3658 loco
885 3617 931 3660 me
954 3616 1043 3678 posse
1066 3598 1104 3658 de
1125 3599 1161 3658 iis
1183 3598 1275 3659 disse·

152 3717 228 3759 rere.
271 3701 339 3761 Huc
355 3701 443 3761 etiam
465 3700 544 3762 addo
574 3719 620 3760 me
642 3701 733 3778 plane
764 3701 905 3761 assentiri
925 3700 962 3761 iis
983 3702 1166 3780 praeceptis,
1197 3718 1276 3779 quae

241 3897 262 3962 ¹)
278 3898 392 3952 Loewe:
411 3896 570 3967 disquisitio
588 3896 624 3951 de
641 3895 858 3965 praepositionis
876 3898 947 3966 ‚,de¹‘
966 3913 1020 3954 usu
1037 3898 1114 3968 apud
1132 3900 1163 3952 L.
1181 3911 1276 3966 progr.

153 3978 318 4034 Grimmens.
356 3985 443 4037 retr..

238 4067 261 4130 Ξ)
278 4065 306 4119 J.
324 4065 356 4120 E.
374 4065 503 4123 Ellendt:
529 4066 564 4121 de
587 4066 806 4136 praepositionis
824 4069 874 4136 ‚‚a“
898 4083 960 4122 cum
985 4067 1143 4123 nominibus
1165 4064 1276 4121 urbium

152 4150 263 4205 iunctae
281 4150 357 4219 apud
374 4151 436 4205 Liv.
455 4151 571 4206 maxime
589 4167 643 4205 usu
661 4151 816 4220 Koenigrb.
854 4156 927 4207 1843.
1219 4139 1236 4146 ..

238 4237 260 4305 ³)
277 4234 464 4292 Hildebrand:
481 4251 574 4305 progr.
592 4236 756 4292 Dortmund.
792 4240 866 4291 1868.
